<marc:collection xmlns:marc="http://www.loc.gov/MARC21/slim" xmlns:xsi="http://www.w3.org/2001/XMLSchema-instance" xsi:schemaLocation="http://www.loc.gov/MARC21/slim http://www.loc.gov/standards/marcxml/schema/MARC21slim.xsd">
    <marc:record type="Bibliographic">
        <marc:leader>01507cam a2200409 a 4500</marc:leader>
        <marc:controlfield tag="001">889254</marc:controlfield>
        <marc:controlfield tag="005">20130918082325.0</marc:controlfield>
        <marc:controlfield tag="007">hd bfa010baaa</marc:controlfield>
        <marc:controlfield tag="007">hd bfa010baba</marc:controlfield>
        <marc:controlfield tag="007">hd afa010baca</marc:controlfield>
        <marc:controlfield tag="008">940511q19001994ir      a     00  0 ara d</marc:controlfield>
        <marc:datafield tag="035" ind1=" " ind2=" ">
            <marc:subfield code="a">(OCoLC)ocn176457907</marc:subfield>
        </marc:datafield>
        <marc:datafield tag="035" ind1=" " ind2=" ">
            <marc:subfield code="a">(OCoLC)30583944</marc:subfield>
        </marc:datafield>
        <marc:datafield tag="040" ind1=" " ind2=" ">
            <marc:subfield code="a">NjP</marc:subfield>
            <marc:subfield code="c">PUL</marc:subfield>
            <marc:subfield code="d">PUL</marc:subfield>
        </marc:datafield>
        <marc:datafield tag="035" ind1=" " ind2=" ">
            <marc:subfield code="a">(OCoLC)176457907</marc:subfield>
        </marc:datafield>
        <marc:datafield tag="035" ind1=" " ind2=" ">
            <marc:subfield code="a">(CStRLIN)NJPG94-B27083</marc:subfield>
        </marc:datafield>
        <marc:datafield tag="035" ind1=" " ind2=" ">
            <marc:subfield code="9">CBD9212TS</marc:subfield>
        </marc:datafield>
        <marc:datafield tag="035" ind1=" " ind2=" ">
            <marc:subfield code="a">(NjP)889254</marc:subfield>
        </marc:datafield>
        <marc:datafield tag="079" ind1=" " ind2=" ">
            <marc:subfield code="a">ocm30583944</marc:subfield>
        </marc:datafield>
        <marc:datafield tag="049" ind1=" " ind2=" ">
            <marc:subfield code="a">PULL</marc:subfield>
        </marc:datafield>
        <marc:datafield tag="100" ind1="1" ind2=" ">
            <marc:subfield code="6">880-01</marc:subfield>
            <marc:subfield code="a">Yazdī, ʻAlī ibn Muḥammad ʻAlī,</marc:subfield>
            <marc:subfield code="d">d. 1895 or 6.</marc:subfield>
        </marc:datafield>
        <marc:datafield tag="245" ind1="1" ind2="3">
            <marc:subfield code="6">880-02</marc:subfield>
            <marc:subfield code="a">al-Kashkūl</marc:subfield>
            <marc:subfield code="h">[microform]</marc:subfield>
        </marc:datafield>
        <marc:datafield tag="260" ind1=" " ind2=" ">
            <marc:subfield code="a">[Tehran :</marc:subfield>
            <marc:subfield code="b">s.n.,</marc:subfield>
            <marc:subfield code="c">19--?]</marc:subfield>
        </marc:datafield>
        <marc:datafield tag="300" ind1=" " ind2=" ">
            <marc:subfield code="a">335 p. ;</marc:subfield>
            <marc:subfield code="c">27 cm.</marc:subfield>
        </marc:datafield>
        <marc:datafield tag="500" ind1=" " ind2=" ">
            <marc:subfield code="a">In Arabic and Persian.</marc:subfield>
        </marc:datafield>
        <marc:datafield tag="590" ind1=" " ind2=" ">
            <marc:subfield code="a">Princeton Arabic Microfilming Project.</marc:subfield>
        </marc:datafield>
        <marc:datafield tag="533" ind1=" " ind2=" ">
            <marc:subfield code="a">Microfilm.</marc:subfield>
            <marc:subfield code="b">Bethlehem, PA :</marc:subfield>
            <marc:subfield code="c">Mid-Atlantic Preservation Service,</marc:subfield>
            <marc:subfield code="d">1993.</marc:subfield>
            <marc:subfield code="e">1 microfilm reel ; 35 mm.</marc:subfield>
            <marc:subfield code="f">(Princeton University Arabic collection ; cn. 9301878.04. Phase II).</marc:subfield>
            <marc:subfield code="7">s1993    paun a</marc:subfield>
        </marc:datafield>
        <marc:datafield tag="650" ind1=" " ind2="0">
            <marc:subfield code="a">Encyclopedias and dictionaries, Arabic.</marc:subfield>
        </marc:datafield>
        <marc:datafield tag="830" ind1=" " ind2="0">
            <marc:subfield code="a">Princeton University Arabic collection ;</marc:subfield>
            <marc:subfield code="v">cn. 9301878.04.</marc:subfield>
        </marc:datafield>
        <marc:datafield tag="830" ind1=" " ind2="0">
            <marc:subfield code="a">Princeton University Arabic collection.</marc:subfield>
            <marc:subfield code="p">Phase II.</marc:subfield>
        </marc:datafield>
        <marc:datafield tag="880" ind1="1" ind2=" ">
            <marc:subfield code="6">100-01/r</marc:subfield>
            <marc:subfield code="a">يزدي، علي بن محمد علي،</marc:subfield>
            <marc:subfield code="d">d. 1895 or 6.</marc:subfield>
        </marc:datafield>
        <marc:datafield tag="880" ind1="1" ind2="2">
            <marc:subfield code="6">245-02/r</marc:subfield>
            <marc:subfield code="a">الكشكول</marc:subfield>
            <marc:subfield code="h">[microform]</marc:subfield>
        </marc:datafield>
        <marc:datafield tag="998" ind1=" " ind2=" ">
            <marc:subfield code="a">06/03/94</marc:subfield>
            <marc:subfield code="s">9124</marc:subfield>
            <marc:subfield code="n">NjP</marc:subfield>
            <marc:subfield code="w">NJPG94B27083</marc:subfield>
            <marc:subfield code="d">05/11/94</marc:subfield>
            <marc:subfield code="c">NHD</marc:subfield>
            <marc:subfield code="b">KR</marc:subfield>
            <marc:subfield code="i">940603</marc:subfield>
            <marc:subfield code="l">NJPG</marc:subfield>
        </marc:datafield>
        <marc:datafield tag="948" ind1=" " ind2=" ">
            <marc:subfield code="a">CON AACR2 bw set</marc:subfield>
        </marc:datafield>
        <marc:datafield tag="911" ind1=" " ind2=" ">
            <marc:subfield code="a">19940612</marc:subfield>
        </marc:datafield>
        <marc:datafield tag="912" ind1=" " ind2=" ">
            <marc:subfield code="a">19970919061613.0</marc:subfield>
        </marc:datafield>
        <marc:datafield tag="999" ind1=" " ind2=" ">
            <marc:subfield code="a">889254</marc:subfield>
        </marc:datafield>
    </marc:record>
    </marc:collection>